
    <record>
        <leader>00000nz  a2200169   4500</leader>
        <controlfield tag="001">30003065</controlfield>
        <controlfield tag="003">RISM</controlfield>
        <controlfield tag="005">20160216</controlfield>
        <controlfield tag="008">160216n||az|||||||##########||||||||||||</controlfield>
        <datafield tag="040" ind1=" " ind2=" ">
            <subfield code="a">IS-Rl</subfield>
        </datafield>
        <datafield tag="043" ind1=" " ind2=" ">
            <subfield code="c">XA-IS</subfield>
        </datafield>
        <datafield tag="110" ind1="2" ind2=" ">
            <subfield code="a">Landsbókasafn Íslands Háskólabókasafn</subfield>
            <subfield code="c">Reykjavík</subfield>
            <subfield code="g">IS-Rl</subfield>
        </datafield>
        <datafield tag="410" ind1="2" ind2=" ">
            <subfield code="a">National and University Library of Iceland</subfield>
        </datafield>
        <datafield tag="410" ind1="2" ind2=" ">
            <subfield code="a">National Library</subfield>
        </datafield>
        <datafield tag="622" ind1=" " ind2=" ">
            <subfield code="e">Landsbókasafn Íslands Háskólabókasafn, Arngrímsgata 3, 107 Reykjavík, Iceland</subfield>
            <subfield code="u">http://www.bok.hi.is</subfield>
        </datafield>
    </record>
</collection>

